<?xml version="1.0" encoding="UTF-8"?>
<record>
  <leader>03158cam#a2200829zc#4500</leader>
  <controlfield tag="005">20210409172405.0</controlfield>
  <controlfield tag="007">cr#|||||||||||</controlfield>
  <controlfield tag="008">200916|2020####gw######o#####|||#|#ger#c</controlfield>
  <controlfield tag="003">DE-605</controlfield>
  <controlfield tag="001">990367731740206441</controlfield>
  <datafield tag="020" ind1=" " ind2=" ">
    <subfield code="a">9783451821677</subfield>
    <subfield code="c">EPUB</subfield>
    <subfield code="9">978-3-451-82167-7</subfield>
  </datafield>
  <datafield tag="020" ind1=" " ind2=" ">
    <subfield code="a">3451821672</subfield>
    <subfield code="9">3-451-82167-2</subfield>
  </datafield>
  <datafield tag="024" ind1="3" ind2=" ">
    <subfield code="a">9783451821677</subfield>
  </datafield>
  <datafield tag="035" ind1=" " ind2=" ">
    <subfield code="a">(DE-605)HT020579803</subfield>
  </datafield>
  <datafield tag="040" ind1=" " ind2=" ">
    <subfield code="a">1116</subfield>
    <subfield code="b">ger</subfield>
    <subfield code="d">829</subfield>
    <subfield code="e">rda</subfield>
  </datafield>
  <datafield tag="041" ind1=" " ind2=" ">
    <subfield code="a">ger</subfield>
  </datafield>
  <datafield tag="044" ind1=" " ind2=" ">
    <subfield code="c">XA-DE-BW</subfield>
  </datafield>
  <datafield tag="084" ind1=" " ind2=" ">
    <subfield code="a">MS 6280</subfield>
    <subfield code="2">rvk</subfield>
  </datafield>
  <datafield tag="084" ind1=" " ind2=" ">
    <subfield code="a">NK 1300</subfield>
    <subfield code="2">rvk</subfield>
  </datafield>
  <datafield tag="084" ind1=" " ind2=" ">
    <subfield code="a">XB 5500</subfield>
    <subfield code="2">rvk</subfield>
  </datafield>
  <datafield tag="100" ind1="1" ind2=" ">
    <subfield code="a">Fangerau, Heiner</subfield>
    <subfield code="d">1972-</subfield>
    <subfield code="0">(DE-588)122588002</subfield>
    <subfield code="4">aut</subfield>
    <subfield code="0">https://portal.dnb.de/opac.htm?method=simpleSearch&amp;cqlMode=true&amp;query=idn=122588002</subfield>
    <subfield code="0">http://viaf.org/viaf/sourceID/DNB|122588002</subfield>
    <subfield code="B">GND-122588002</subfield>
  </datafield>
  <datafield tag="245" ind1="1" ind2="0">
    <subfield code="a">Pest und Corona</subfield>
    <subfield code="b">Pandemien in Geschichte, Gegenwart und Zukunft</subfield>
    <subfield code="c">Heiner Fangerau, Prof. Dr. Alfons Labisch</subfield>
  </datafield>
  <datafield tag="264" ind1=" " ind2="1">
    <subfield code="a">Freiburg</subfield>
    <subfield code="a">Basel</subfield>
    <subfield code="a">Wien</subfield>
    <subfield code="b">Herder</subfield>
    <subfield code="c">[2020]</subfield>
  </datafield>
  <datafield tag="264" ind1=" " ind2="2">
    <subfield code="a">München</subfield>
    <subfield code="b">Ciando</subfield>
  </datafield>
  <datafield tag="264" ind1=" " ind2="4">
    <subfield code="c">© 2020</subfield>
  </datafield>
  <datafield tag="300" ind1=" " ind2=" ">
    <subfield code="a">1 Online-Ressource (128 Seiten)</subfield>
    <subfield code="b">Illustrationen, Karte</subfield>
  </datafield>
  <datafield tag="336" ind1=" " ind2=" ">
    <subfield code="b">txt</subfield>
  </datafield>
  <datafield tag="337" ind1=" " ind2=" ">
    <subfield code="b">c</subfield>
  </datafield>
  <datafield tag="338" ind1=" " ind2=" ">
    <subfield code="b">cr</subfield>
  </datafield>
  <datafield tag="347" ind1=" " ind2=" ">
    <subfield code="a">Textdatei</subfield>
    <subfield code="b">EPUB</subfield>
  </datafield>
  <datafield tag="500" ind1=" " ind2=" ">
    <subfield code="a">Lizenzpflichtig</subfield>
    <subfield code="9">F:501</subfield>
  </datafield>
  <datafield tag="520" ind1="3" ind2=" ">
    <subfield code="a">Die Corona-Krise hat unsere Art zu leben ins Wanken gebracht. Dies geschieht keineswegs zum ersten Mal – und wird sich sicher wiederholen. Die Ärzte und Medizinhistoriker Heiner Fangerau und Alfons Labisch erörtern Pandemien samt Covid-19 in ihren historischen, aktuellen und künftigen Dimensionen und diskutieren die Fragen: Hat die Welt so etwas wie die aktuelle Pandemie schon einmal erlebt? Wie veränderten Seuchen das öffentliche und private Leben? Was sind die natürlichen, die sozialen, historischen und kulturellen Hintergründe von Pandemien? Worauf müssen wir uns künftig persönlich und worauf müssen sich Gesellschaft und Gesundheitswesen einrichten, wenn wir unsere Lebensart bewahren wollen?</subfield>
  </datafield>
  <datafield tag="650" ind1=" " ind2="4">
    <subfield code="a">Geschichte</subfield>
  </datafield>
  <datafield tag="650" ind1=" " ind2="4">
    <subfield code="a">Seuchen</subfield>
  </datafield>
  <datafield tag="650" ind1=" " ind2="4">
    <subfield code="a">Medizingeschichte</subfield>
  </datafield>
  <datafield tag="650" ind1=" " ind2="4">
    <subfield code="a">Grippe</subfield>
  </datafield>
  <datafield tag="650" ind1=" " ind2="4">
    <subfield code="a">Pest</subfield>
  </datafield>
  <datafield tag="650" ind1=" " ind2="4">
    <subfield code="a">Corona</subfield>
  </datafield>
  <datafield tag="650" ind1=" " ind2="4">
    <subfield code="a">Pandemie</subfield>
  </datafield>
  <datafield tag="650" ind1=" " ind2="4">
    <subfield code="a">Cholera</subfield>
  </datafield>
  <datafield tag="650" ind1=" " ind2="4">
    <subfield code="a">SARS</subfield>
  </datafield>
  <datafield tag="650" ind1=" " ind2="4">
    <subfield code="a">Schweinegrippe</subfield>
  </datafield>
  <datafield tag="650" ind1=" " ind2="4">
    <subfield code="a">Epidemie</subfield>
  </datafield>
  <datafield tag="653" ind1=" " ind2=" ">
    <subfield code="a">Geschichte</subfield>
  </datafield>
  <datafield tag="653" ind1=" " ind2=" ">
    <subfield code="a">Seuchen</subfield>
  </datafield>
  <datafield tag="653" ind1=" " ind2=" ">
    <subfield code="a">Medizingeschichte</subfield>
  </datafield>
  <datafield tag="653" ind1=" " ind2=" ">
    <subfield code="a">Grippe</subfield>
  </datafield>
  <datafield tag="653" ind1=" " ind2=" ">
    <subfield code="a">Pest</subfield>
  </datafield>
  <datafield tag="653" ind1=" " ind2=" ">
    <subfield code="a">Corona</subfield>
  </datafield>
  <datafield tag="653" ind1=" " ind2=" ">
    <subfield code="a">Pandemie</subfield>
  </datafield>
  <datafield tag="653" ind1=" " ind2=" ">
    <subfield code="a">Cholera</subfield>
  </datafield>
  <datafield tag="653" ind1=" " ind2=" ">
    <subfield code="a">SARS</subfield>
  </datafield>
  <datafield tag="653" ind1=" " ind2=" ">
    <subfield code="a">Schweinegrippe</subfield>
  </datafield>
  <datafield tag="653" ind1=" " ind2=" ">
    <subfield code="a">Epidemie</subfield>
  </datafield>
  <datafield tag="689" ind1="0" ind2="0">
    <subfield code="a">Pandemie</subfield>
    <subfield code="D">s</subfield>
    <subfield code="0">(DE-588)4737034-8</subfield>
    <subfield code="0">https://portal.dnb.de/opac.htm?method=simpleSearch&amp;cqlMode=true&amp;query=idn=967941407</subfield>
    <subfield code="0">http://viaf.org/viaf/sourceID/DNB|967941407</subfield>
  </datafield>
  <datafield tag="689" ind1="0" ind2="1">
    <subfield code="a">Gesellschaft</subfield>
    <subfield code="D">s</subfield>
    <subfield code="0">(DE-588)4020588-5</subfield>
    <subfield code="0">https://portal.dnb.de/opac.htm?method=simpleSearch&amp;cqlMode=true&amp;query=idn=040205886</subfield>
    <subfield code="0">http://viaf.org/viaf/sourceID/DNB|040205886</subfield>
    <subfield code="B">GND-040205886</subfield>
  </datafield>
  <datafield tag="689" ind1="0" ind2="2">
    <subfield code="a">Geschichte</subfield>
    <subfield code="A">z</subfield>
  </datafield>
  <datafield tag="689" ind1="1" ind2="0">
    <subfield code="a">COVID-19</subfield>
    <subfield code="D">s</subfield>
    <subfield code="0">(DE-588)1206347392</subfield>
    <subfield code="0">https://portal.dnb.de/opac.htm?method=simpleSearch&amp;cqlMode=true&amp;query=idn=1206347392</subfield>
    <subfield code="0">http://viaf.org/viaf/sourceID/DNB|1206347392</subfield>
    <subfield code="B">GND-1206347392</subfield>
  </datafield>
  <datafield tag="689" ind1="2" ind2="0">
    <subfield code="a">Pandemie</subfield>
    <subfield code="D">s</subfield>
    <subfield code="0">(DE-588)4737034-8</subfield>
    <subfield code="0">https://portal.dnb.de/opac.htm?method=simpleSearch&amp;cqlMode=true&amp;query=idn=967941407</subfield>
    <subfield code="0">http://viaf.org/viaf/sourceID/DNB|967941407</subfield>
  </datafield>
  <datafield tag="689" ind1="2" ind2="1">
    <subfield code="a">Prävention</subfield>
    <subfield code="D">s</subfield>
    <subfield code="0">(DE-588)4076308-0</subfield>
    <subfield code="0">https://portal.dnb.de/opac.htm?method=simpleSearch&amp;cqlMode=true&amp;query=idn=040763080</subfield>
    <subfield code="0">http://viaf.org/viaf/sourceID/DNB|040763080</subfield>
    <subfield code="B">GND-040763080</subfield>
  </datafield>
  <datafield tag="689" ind1="2" ind2="2">
    <subfield code="a">Geschichte</subfield>
    <subfield code="A">z</subfield>
  </datafield>
  <datafield tag="700" ind1="1" ind2=" ">
    <subfield code="a">Labisch, Alfons</subfield>
    <subfield code="d">1946-</subfield>
    <subfield code="0">(DE-588)123404746</subfield>
    <subfield code="4">aut</subfield>
    <subfield code="0">https://portal.dnb.de/opac.htm?method=simpleSearch&amp;cqlMode=true&amp;query=idn=123404746</subfield>
    <subfield code="0">http://viaf.org/viaf/sourceID/DNB|123404746</subfield>
    <subfield code="B">GND-123404746</subfield>
  </datafield>
  <datafield tag="710" ind1="2" ind2=" ">
    <subfield code="a">Verlag Herder</subfield>
    <subfield code="0">(DE-588)1075938708</subfield>
    <subfield code="4">pbl</subfield>
    <subfield code="0">https://portal.dnb.de/opac.htm?method=simpleSearch&amp;cqlMode=true&amp;query=idn=1075938708</subfield>
    <subfield code="0">http://viaf.org/viaf/sourceID/DNB|1075938708</subfield>
    <subfield code="B">GND-1075938708</subfield>
  </datafield>
  <datafield tag="776" ind1="0" ind2="8">
    <subfield code="i">Erscheint auch als</subfield>
    <subfield code="n">Druck-Ausgabe</subfield>
    <subfield code="z">9783451388798</subfield>
    <subfield code="z">3451388790</subfield>
    <subfield code="w">(DE-605)HT020445679</subfield>
    <subfield code="9">978-3-451-38879-8</subfield>
    <subfield code="9">3-451-38879-0</subfield>
  </datafield>
  <datafield tag="912" ind1=" " ind2=" ">
    <subfield code="a">ZDB-22-CAN</subfield>
  </datafield>
  <datafield tag="912" ind1=" " ind2=" ">
    <subfield code="a">ZDB-30-PQE</subfield>
  </datafield>
  <datafield tag="960" ind1="1" ind2=" ">
    <subfield code="i">iall</subfield>
  </datafield>
  <datafield tag="962" ind1=" " ind2=" ">
    <subfield code="e">ZDB-22-CAN</subfield>
    <subfield code="e">ZDB-30-PQE</subfield>
  </datafield>
  <datafield tag="964" ind1="0" ind2="s">
    <subfield code="F">030</subfield>
    <subfield code="A">z||ur||||||17</subfield>
  </datafield>
  <datafield tag="964" ind1="0" ind2="s">
    <subfield code="F">050</subfield>
    <subfield code="A">||||||||g|||||</subfield>
  </datafield>
  <datafield tag="964" ind1="0" ind2="s">
    <subfield code="F">051</subfield>
    <subfield code="A">m|||||||</subfield>
  </datafield>
  <datafield tag="035" ind1=" " ind2=" ">
    <subfield code="a">(DE-599)HBZHT020579803</subfield>
  </datafield>
  <datafield tag="MBD" ind1=" " ind2=" ">
    <subfield code="M">49HBZ_NETWORK</subfield>
    <subfield code="i">990367731740206441</subfield>
    <subfield code="n">HBZ Network</subfield>
  </datafield>
  <datafield tag="MBD" ind1=" " ind2=" ">
    <subfield code="M">49HBZ_HSN</subfield>
    <subfield code="i">991006234639708056</subfield>
    <subfield code="n">Hochschule Niederrhein</subfield>
  </datafield>
  <datafield tag="MBD" ind1=" " ind2=" ">
    <subfield code="M">49HBZ_BRIDGE_HWG</subfield>
    <subfield code="i">9925148907824</subfield>
    <subfield code="n">Hochschule für Wirtschaft und Gesellschaft Ludwigshafen,  Bibliothek</subfield>
  </datafield>
  <datafield tag="MNG" ind1=" " ind2=" ">
    <subfield code="c">System</subfield>
    <subfield code="f">ILS</subfield>
    <subfield code="i">marc21</subfield>
    <subfield code="k">01</subfield>
    <subfield code="e">false</subfield>
    <subfield code="d">2023-08-23 05:09:00 Europe/Berlin</subfield>
    <subfield code="g">036773174-HBZ01</subfield>
    <subfield code="j">60</subfield>
    <subfield code="a">import</subfield>
    <subfield code="b">2021-04-05 16:58:30 Europe/Berlin</subfield>
  </datafield>
  <datafield tag="POR" ind1=" " ind2=" ">
    <subfield code="x">System</subfield>
    <subfield code="a">5349112190008056</subfield>
    <subfield code="h">EZProxy</subfield>
    <subfield code="M">49HBZ_HSN</subfield>
    <subfield code="c">static</subfield>
    <subfield code="l">Volltext nach Anmeldung</subfield>
    <subfield code="y">2023-07-25 17:25:05 Europe/Berlin</subfield>
    <subfield code="w">2023-07-25 17:25:01 Europe/Berlin</subfield>
    <subfield code="D">https://eu04.alma.exlibrisgroup.com/view/uresolver/49HBZ_NETWORK/openurl?u.ignore_date_coverage=true&amp;portfolio_pid=5349112190008056&amp;Force_direct=true</subfield>
    <subfield code="v">P2E_JOB</subfield>
    <subfield code="z">2023-07-25 15:25:01</subfield>
    <subfield code="i">true</subfield>
    <subfield code="S">5249112200008056</subfield>
    <subfield code="d">https://hbz-network.userservices.exlibrisgroup.com/view/uresolver/49HBZ_NETWORK/openurl?u.ignore_date_coverage=true&amp;rft.mms_id=991006234639708056</subfield>
    <subfield code="b">Available</subfield>
    <subfield code="f">BOOK</subfield>
    <subfield code="e">https://ebookcentral.proquest.com/lib/hs-niederrhein/detail.action?docID=6189514</subfield>
    <subfield code="8">5349112190008056</subfield>
  </datafield>
  <datafield tag="H52" ind1="0" ind2=" ">
    <subfield code="b">R5001</subfield>
    <subfield code="c">UNASSIGNED</subfield>
    <subfield code="8">229499030007824</subfield>
  </datafield>
  <datafield tag="HOL" ind1=" " ind2=" ">
    <subfield code="d">2023-02-22 16:53:28</subfield>
    <subfield code="8">229499030007824</subfield>
    <subfield code="b">2023-02-22 16:53:28</subfield>
    <subfield code="M">49HBZ_BRIDGE_HWG</subfield>
    <subfield code="g">false</subfield>
    <subfield code="a">System</subfield>
    <subfield code="c">System</subfield>
  </datafield>
  <datafield tag="GKT" ind1="2" ind2=" ">
    <subfield code="a">Verlag Herder GmbH</subfield>
    <subfield code="4">nauv</subfield>
    <subfield code="i">Unveraenderte Form</subfield>
    <subfield code="A">GND</subfield>
    <subfield code="B">GND-1075938708</subfield>
    <subfield code="C">410</subfield>
  </datafield>
  <datafield tag="GKT" ind1="2" ind2=" ">
    <subfield code="a">Herder</subfield>
    <subfield code="g">Verlag Herder</subfield>
    <subfield code="A">GND</subfield>
    <subfield code="B">GND-1075938708</subfield>
    <subfield code="C">410</subfield>
  </datafield>
  <datafield tag="GSI" ind1="7" ind2=" ">
    <subfield code="a">1075938708</subfield>
    <subfield code="0">http://d-nb.info/gnd/1075938708</subfield>
    <subfield code="2">gnd</subfield>
    <subfield code="A">GND</subfield>
    <subfield code="B">GND-1075938708</subfield>
    <subfield code="C">024</subfield>
  </datafield>
  <datafield tag="GPN" ind1="1" ind2=" ">
    <subfield code="a">Fangerau, Heiner M.</subfield>
    <subfield code="d">1972-</subfield>
    <subfield code="A">GND</subfield>
    <subfield code="B">GND-122588002</subfield>
    <subfield code="C">400</subfield>
  </datafield>
  <datafield tag="GPN" ind1="1" ind2=" ">
    <subfield code="a">Fangerau, H.</subfield>
    <subfield code="d">1972-</subfield>
    <subfield code="A">GND</subfield>
    <subfield code="B">GND-122588002</subfield>
    <subfield code="C">400</subfield>
  </datafield>
  <datafield tag="GSI" ind1="7" ind2=" ">
    <subfield code="a">122588002</subfield>
    <subfield code="0">http://d-nb.info/gnd/122588002</subfield>
    <subfield code="2">gnd</subfield>
    <subfield code="A">GND</subfield>
    <subfield code="B">GND-122588002</subfield>
    <subfield code="C">024</subfield>
  </datafield>
  <datafield tag="GSI" ind1="7" ind2=" ">
    <subfield code="a">0000-0001-9065-3395</subfield>
    <subfield code="9">v:Herkunft: orcid</subfield>
    <subfield code="2">orcid</subfield>
    <subfield code="A">GND</subfield>
    <subfield code="B">GND-122588002</subfield>
    <subfield code="C">024</subfield>
  </datafield>
  <datafield tag="GST" ind1=" " ind2=" ">
    <subfield code="a">Verhütung</subfield>
    <subfield code="A">GND</subfield>
    <subfield code="B">GND-040763080</subfield>
    <subfield code="C">450</subfield>
  </datafield>
  <datafield tag="GST" ind1=" " ind2=" ">
    <subfield code="a">Vorbeugung</subfield>
    <subfield code="A">GND</subfield>
    <subfield code="B">GND-040763080</subfield>
    <subfield code="C">450</subfield>
  </datafield>
  <datafield tag="GST" ind1=" " ind2=" ">
    <subfield code="a">Prophylaxe</subfield>
    <subfield code="A">GND</subfield>
    <subfield code="B">GND-040763080</subfield>
    <subfield code="C">450</subfield>
  </datafield>
  <datafield tag="GST" ind1=" " ind2=" ">
    <subfield code="a">Vorsorge</subfield>
    <subfield code="g">Prävention</subfield>
    <subfield code="A">GND</subfield>
    <subfield code="B">GND-040763080</subfield>
    <subfield code="C">450</subfield>
  </datafield>
  <datafield tag="GSI" ind1="7" ind2=" ">
    <subfield code="a">4076308-0</subfield>
    <subfield code="0">http://d-nb.info/gnd/4076308-0</subfield>
    <subfield code="2">gnd</subfield>
    <subfield code="A">GND</subfield>
    <subfield code="B">GND-040763080</subfield>
    <subfield code="C">024</subfield>
  </datafield>
  <datafield tag="GSI" ind1="7" ind2=" ">
    <subfield code="a">4737034-8</subfield>
    <subfield code="0">http://d-nb.info/gnd/4737034-8</subfield>
    <subfield code="2">gnd</subfield>
    <subfield code="A">GND</subfield>
    <subfield code="B">GND-967941407</subfield>
    <subfield code="C">024</subfield>
  </datafield>
  <datafield tag="GST" ind1=" " ind2=" ">
    <subfield code="a">Coronavirus-Krankheit-2019</subfield>
    <subfield code="A">GND</subfield>
    <subfield code="B">GND-1206347392</subfield>
    <subfield code="C">450</subfield>
  </datafield>
  <datafield tag="GST" ind1=" " ind2=" ">
    <subfield code="a">Corona virus disease 2019</subfield>
    <subfield code="A">GND</subfield>
    <subfield code="B">GND-1206347392</subfield>
    <subfield code="C">450</subfield>
  </datafield>
  <datafield tag="GST" ind1=" " ind2=" ">
    <subfield code="a">Coronavirus disease 2019</subfield>
    <subfield code="A">GND</subfield>
    <subfield code="B">GND-1206347392</subfield>
    <subfield code="C">450</subfield>
  </datafield>
  <datafield tag="GST" ind1=" " ind2=" ">
    <subfield code="a">2019-nCoV acute respiratory disease</subfield>
    <subfield code="A">GND</subfield>
    <subfield code="B">GND-1206347392</subfield>
    <subfield code="C">450</subfield>
  </datafield>
  <datafield tag="GST" ind1=" " ind2=" ">
    <subfield code="a">Wuhan pneumonia</subfield>
    <subfield code="A">GND</subfield>
    <subfield code="B">GND-1206347392</subfield>
    <subfield code="C">450</subfield>
  </datafield>
  <datafield tag="GST" ind1=" " ind2=" ">
    <subfield code="a">COVID-19-Infektion</subfield>
    <subfield code="A">GND</subfield>
    <subfield code="B">GND-1206347392</subfield>
    <subfield code="C">450</subfield>
  </datafield>
  <datafield tag="GST" ind1=" " ind2=" ">
    <subfield code="a">Coronavirus-SARS-CoV-2-Infektion</subfield>
    <subfield code="A">GND</subfield>
    <subfield code="B">GND-1206347392</subfield>
    <subfield code="C">450</subfield>
  </datafield>
  <datafield tag="GST" ind1=" " ind2=" ">
    <subfield code="a">SARS-CoV-2-Infektion</subfield>
    <subfield code="A">GND</subfield>
    <subfield code="B">GND-1206347392</subfield>
    <subfield code="C">450</subfield>
  </datafield>
  <datafield tag="GSI" ind1="7" ind2=" ">
    <subfield code="a">1206347392</subfield>
    <subfield code="0">http://d-nb.info/gnd/1206347392</subfield>
    <subfield code="2">gnd</subfield>
    <subfield code="A">GND</subfield>
    <subfield code="B">GND-1206347392</subfield>
    <subfield code="C">024</subfield>
  </datafield>
  <datafield tag="GSI" ind1="7" ind2=" ">
    <subfield code="a">Q84263196</subfield>
    <subfield code="2">wikidata</subfield>
    <subfield code="A">GND</subfield>
    <subfield code="B">GND-1206347392</subfield>
    <subfield code="C">024</subfield>
  </datafield>
  <datafield tag="GSI" ind1="7" ind2=" ">
    <subfield code="a">D000086382</subfield>
    <subfield code="2">mesh</subfield>
    <subfield code="A">GND</subfield>
    <subfield code="B">GND-1206347392</subfield>
    <subfield code="C">024</subfield>
  </datafield>
  <datafield tag="GSI" ind1="7" ind2=" ">
    <subfield code="a">4020588-5</subfield>
    <subfield code="0">http://d-nb.info/gnd/4020588-5</subfield>
    <subfield code="2">gnd</subfield>
    <subfield code="A">GND</subfield>
    <subfield code="B">GND-040205886</subfield>
    <subfield code="C">024</subfield>
  </datafield>
  <datafield tag="GSI" ind1="7" ind2=" ">
    <subfield code="a">123404746</subfield>
    <subfield code="0">http://d-nb.info/gnd/123404746</subfield>
    <subfield code="2">gnd</subfield>
    <subfield code="A">GND</subfield>
    <subfield code="B">GND-123404746</subfield>
    <subfield code="C">024</subfield>
  </datafield>
  <datafield tag="GSI" ind1="7" ind2=" ">
    <subfield code="a">0000 0003 8326 2980</subfield>
    <subfield code="2">isni</subfield>
    <subfield code="A">GND</subfield>
    <subfield code="B">GND-123404746</subfield>
    <subfield code="C">024</subfield>
  </datafield>
  <datafield tag="GSI" ind1="7" ind2=" ">
    <subfield code="a">4737034-8</subfield>
    <subfield code="0">http://d-nb.info/gnd/4737034-8</subfield>
    <subfield code="2">gnd</subfield>
    <subfield code="A">GND</subfield>
    <subfield code="B">GND-967941407</subfield>
    <subfield code="C">024</subfield>
  </datafield>
</record>
